@misc{finley_2017,
title={Linux Took Over the Web. Now, It's Taking Over the World},
author={Finley, Klint},
year={2017},  month={Jun},
journal={Wired},
publisher={Conde Nast},
url={https://www.wired.com/2016/08/linux-took-web-now-taking-world/}, 
}

@book{love_2014,
title={Linux system programming, 2nd edition -},
author={Love, Robert},
year={2014},
publisher={Shroff Publishers \& Distr}
} 

@phdthesis{Ishkov_2015,
  author       = {Nikita Ishkov}, 
  title        = {A complete guide to Linux process scheduling},
  school       = {University of Tampere},
  year         = 2015,
  month        = 2,
  note = {url=https://tampub.uta.fi/bitstream/handle/10024/96864/GRADU-1428493916.pdf}
}

@book{mckusick_neville-neil_watson_mckusick_2015,
title={The design and implementation of the FreeBSD operating system},
author={McKusick, Marshall Kirk and Neville-Neil, George V. and Watson, Robert N. M. and McKusick, Marshall Kirk.},
year={2015},
publisher={Addison Wesley}
}

@book{russinovich_solomon_ionescu_2012,
title={Windows internals},
author={Russinovich, Mark E. and Solomon, David A. and Ionescu, Alex},
publisher={Microsoft Press}, 
year={2012}
}

@misc{Scheduling,
title={Scheduling},
publisher={Microsoft},
journal={Windows Dev Center},
url={https://msdn.microsoft.com/en-us/library/windows/desktop/ms685096(v=vs.85).aspx}
}