@book{love_2014,
title={Linux system programming, 2nd edition -},
author={Love, Robert},
year={2014},
publisher={Shroff Publishers \& Distr}
} 

@book{mckusick_neville-neil_watson_mckusick_2015,
title={The design and implementation of the FreeBSD operating system},
author={McKusick, Marshall Kirk and Neville-Neil, George V. and Watson, Robert N. M. and McKusick, Marshall Kirk.},
year={2015},
publisher={Addison Wesley}
}

@book{russinovich_solomon_ionescu_2012,
title={Windows internals},
author={Russinovich, Mark E. and Solomon, David A. and Ionescu, Alex},
publisher={Microsoft Press}, 
year={2012}
}